<?xml version="1.0" encoding="UTF-8"?><collection xmlns="http://www.loc.gov/MARC21/slim"><record><leader>00452nam--2200169-u-4500</leader><controlfield tag="001">000051805</controlfield><controlfield tag="002">20161230</controlfield><controlfield tag="005">20170106164110</controlfield><controlfield tag="008">081024s1000------------r-----000-0-eng-d</controlfield><datafield ind1=" " ind2=" " tag="040"><subfield code="a">IFIN-HH</subfield></datafield><datafield ind1=" " ind2=" " tag="080"><subfield code="a">517.911</subfield></datafield><datafield ind1="1" ind2=" " tag="100"><subfield code="a">Amanov, T. I</subfield></datafield><datafield ind1="1" ind2="0" tag="245"><subfield code="a">Prostranstva Differentsiruemykh Funktsii s Dominiruyushchei Smeshannoi Proizvodnoi</subfield></datafield><datafield ind1=" " ind2=" " tag="260"><subfield code="a">Alma-Ata</subfield><subfield code="b">Nauka</subfield><subfield code="c">1976</subfield></datafield><datafield ind1=" " ind2=" " tag="300"><subfield code="a">224 p</subfield></datafield><datafield ind1=" " ind2=" " tag="852"><subfield code="a">45026</subfield><subfield code="c">517.9</subfield></datafield><datafield ind1=" " ind2=" " tag="CAT"><subfield code="a">SYS</subfield><subfield code="c">20170106</subfield><subfield code="h">164110</subfield></datafield></record></collection>